% This file was created with JabRef 2.9.2.
% Encoding: MS949

@PREAMBLE{"\def\noopsort#1{}"
# "\def\l{\char32l}"
# "\def\v#1{{\accent20 #1}} \let\^^_=\v"
# "\def\hbk{hardback}"
# "\def\pbk{paperback}"
}

@STRING{inst-ATT = {AT\&T Bell Laboratories}}

@STRING{inst-ATT:adr = {Murray Hill, NJ, USA}}

@STRING{inst-Bell = {Bell Laboratories}}

@STRING{inst-Belladr = {Murray Hill, NJ, USA}}

@STRING{inst-Berkeley = {University of California}}

@STRING{inst-Berkeley-CS = {Department of Computer Science, University of California}}

@STRING{inst-Berkeley-Math = {Department of Mathematics, University of California}}

@STRING{inst-Berkeley:adr = {Berkeley, CA, USA}}

@STRING{inst-CERFACS = {CERFACS}}

@STRING{inst-CERFACS:adr = {Toulouse, France}}

@STRING{inst-CS-U-KY = {Department of Mathematics, University of Kentucky}}

@STRING{inst-CS-U-KY:adr = {Lexington, KY, USA}}

@STRING{inst-CS-U-MARYLAND = {Department of Computer Science, University of Maryland}}

@STRING{inst-CS-U-MARYLAND:adr = {College Park, MD, USA}}

@STRING{inst-CS-U-STANFORD = {Department of Computer Science, Stanford University}}

@STRING{inst-CS-U-Tenn = {Department of Computer Science, University of Tennessee}}

@STRING{inst-CS-U-Tenn:adr = {Knoxville, TN, USA}}

@STRING{inst-CS-U-Umea = {Institute of Information Processing, University of Ume{\aa}}}

@STRING{inst-CS-U-Umea:adr = {Ume{\aa}, Sweden}}

@STRING{inst-DAMTP = {Department of Applied Mathematics and Theoretical Physics, University
	of Cambridge}}

@STRING{inst-DAMTP:adr = {Cambridge, UK}}

@STRING{inst-ENSEEIHT = {Dept. Informatique et Maths Appls., ENSEEIHT-IRIT}}

@STRING{inst-ENSEEIHT:adr = {31071 Toulouse Cedex, France}}

@STRING{inst-HARWELL = {{AERE} {Harwell} Laboratory}}

@STRING{inst-HARWELL:adr = {Chilton, Oxon, England}}

@STRING{inst-IMA = {Institute for Mathematics and its Applications, University of Minnesota}}

@STRING{inst-IMA-UK = {The Institute of Mathematics and its Applications}}

@STRING{inst-IMA-UK:adr = {Southend-On-Sea, Essex, UK}}

@STRING{inst-IMA:adr = {Minneapolis, MN, USA}}

@STRING{inst-Math-UCLA = {Department of Mathematics, University of California}}

@STRING{inst-Math-UCLA:adr = {Los Angeles, USA}}

@STRING{inst-MCCM = {Manchester Centre for Computational Mathematics}}

@STRING{inst-MCCM:adr = {Manchester, England}}

@STRING{inst-MCS-Argonne = {Mathematics and Computer Science Division, Argonne National Laboratory}}

@STRING{inst-MCS-Argonne:adr = {Argonne, IL, USA}}

@STRING{inst-NAG = {NAG Ltd.}}

@STRING{inst-NAG:adr = {Oxford, UK}}

@STRING{inst-NASA-Ames = {NASA Ames Research Center}}

@STRING{inst-NASA-Ames:adr = {Moffett Field, CA, USA}}

@STRING{inst-NPL = {National Physical Laboratory}}

@STRING{inst-NPL:adr = {Teddington, UK}}

@STRING{inst-OR-U-STANFORD = {Department of Operations Research, Stanford University}}

@STRING{inst-ORNL = {Oak Ridge National Laboratory}}

@STRING{inst-ORNL:adr = {Oak Ridge, TN, USA}}

@STRING{inst-RAL = {Atlas Centre, Rutherford Appleton Laboratory}}

@STRING{inst-RAL:adr = {Didcot, Oxon, UK}}

@STRING{inst-RICE-CAM = {Department of Computational and Applied Mathematics }}

@STRING{inst-RICE-CAM:adr = {Rice University, Houston, TX, USA}}

@STRING{inst-U-Dundee = {Department of Mathematics and Computer Science, University of Dundee}}

@STRING{inst-U-Dundee:adr = {Dundee, Scotland}}

@STRING{inst-U-Manchester = {Manchester Centre for Computational Mathematics}}

@STRING{inst-U-Manchester:adr = {Manchester, England}}

@STRING{inst-U-STANFORD:adr = {Stanford, CA, USA}}

@STRING{j-AAP = {Ann. Appl. Probab.}}

@STRING{j-ACM = {J. Assoc. Comput. Mach.}}

@STRING{j-Adv-Comp-Math = {Advances in Computational Math.}}

@STRING{j-AHC = {Annals of the History of Computing}}

@STRING{j-AMM = {Amer. Math. Monthly}}

@STRING{j-APP-NUM-MATH = {Applied Numerical Mathematics}}

@STRING{j-APPROX = {J. Approximation Theory}}

@STRING{j-BAMS = {Bull. Amer. Math. Soc.}}

@STRING{j-BIT = {BIT}}

@STRING{j-CACM = {Comm. ACM}}

@STRING{j-CMJ = {College Mathematics Journal}}

@STRING{j-COMP-J = {Computer Journal}}

@STRING{j-COMP-MATH-APPL = {Computers Math. Applic.}}

@STRING{j-COMPUTING = {Computing}}

@STRING{j-ETNA = {Electronic Transactions on Numerical Analysis}}

@STRING{j-IEEE-AC = {IEEE Trans. Automat. Control.}}

@STRING{j-IEEE-C = {IEEE Trans. Comput.}}

@STRING{j-IEEE-PC = {IEEE Trans. Prof. Commun.}}

@STRING{j-IEEE-SE = {IEEE Trans. Software Engrg.}}

@STRING{j-IEEE-SP = {IEEE Trans. Signal Processing}}

@STRING{j-IJNME = {Int. J. Numer. Methods Eng.}}

@STRING{j-IJSA = {Int. J. Supercomputer Appl.}}

@STRING{j-IMA-BULL = {IMA Bulletin}}

@STRING{j-IMAJNA = {IMA J. Numer. Anal.}}

@STRING{j-JAMS = {J. Amer. Math. Soc.}}

@STRING{j-JCAM = {J. Comp. Appl. Math.}}

@STRING{j-JCOMP-PHYS = {J. Comp. Phys.}}

@STRING{j-JIMA = {J. Inst. Maths Applics}}

@STRING{j-JNLAA = {Journal of Numerical Linear Algebra with Applications}}

@STRING{j-LAA = {Linear Algebra Appl.}}

@STRING{j-LMA = {Linear and Multilinear Algebra}}

@STRING{j-MATH-COMP = {Math. Comp.}}

@STRING{j-MATH-GAZ = {Mathematical Gazette}}

@STRING{j-MATH-PROG = {Math. Programming}}

@STRING{j-MATH-TODAY = {Mathematics Today}}

@STRING{j-MTAC = {M.T.A.C.}}

@STRING{j-NAMS = {Notices Amer. Math. Soc.}}

@STRING{j-NLAA = {Numerical Linear Algebra with Applications}}

@STRING{j-NUM-ALG = {Numerical Algorithms}}

@STRING{j-NUM-MATH = {Numer. Math.}}

@STRING{j-PAR-COMP = {Parallel Computing}}

@STRING{j-QJMAM = {Quart. J. Mech. and Applied Math.}}

@STRING{j-REE = {The Radio and Electronic Engineer}}

@STRING{j-SIAD = {SIAM J. Algebraic Discrete Methods}}

@STRING{j-SIAM-NEWS = {SIAM News}}

@STRING{j-SIAMA = {SIAM J. Appl. Math.}}

@STRING{j-SIGNUM = {ACM SIGNUM Newsletter}}

@STRING{j-SIMA = {SIAM J. Math. Anal.}}

@STRING{j-SIMAX = {SIAM J. Matrix Anal. Appl.}}

@STRING{j-SINUM = {SIAM J. Numer. Anal.}}

@STRING{j-SIOPT = {SIAM J. Optimization}}

@STRING{j-SIREV = {SIAM Rev.}}

@STRING{j-SISC = {SIAM J. Sci. Comput.}}

@STRING{j-SISSC = {SIAM J. Sci. Stat. Comput.}}

@STRING{j-TOMS = {ACM Trans. Math. Software}}

@STRING{pub-AMS = {American Mathematical Society}}

@STRING{pub-AMS:adr = {Providence, RI, USA}}

@STRING{pub-AP = {Academic Press}}

@STRING{pub-AP:adr-B = {Boston, MA, USA}}

@STRING{pub-AP:adr-L = {London}}

@STRING{pub-AP:adr-NY = {New York}}

@STRING{pub-AW = {Ad{\-d}i{\-s}on-Wes{\-l}ey}}

@STRING{pub-AW:adr = {Reading, Massachusetts}}

@STRING{pub-BH = {Birkh{\"{a}}user}}

@STRING{pub-BH:adr = {Boston, MA, USA}}

@STRING{pub-Blaisdell = {Blaisdell}}

@STRING{pub-Blaisdell:adr-MA = {Waltham, MA, USA}}

@STRING{pub-Blaisdell:adr-NY = {New York}}

@STRING{pub-CH = {Chapman and Hall}}

@STRING{pub-CH:adr-L = {London}}

@STRING{pub-CH:adr-NY = {New York}}

@STRING{pub-Chelsea = {Chelsea}}

@STRING{pub-Chelsea:adr = {New York}}

@STRING{pub-CRC = {CRC Press}}

@STRING{pub-CRC:adr = {Boca Raton, FL, USA}}

@STRING{pub-CUP = {Cambridge University Press}}

@STRING{pub-CUP:adr = {Cambridge, UK}}

@STRING{pub-DCH = {D. C. Heath}}

@STRING{pub-DCH:adr = {Lexington, MA, USA}}

@STRING{pub-Dover = {Dover}}

@STRING{pub-Dover:adr = {New York}}

@STRING{pub-EH = {Ellis Horwood}}

@STRING{pub-EH:adr = {New York}}

@STRING{pub-ELS = {Elsevier}}

@STRING{pub-ELS:adr = {Amsterdam, The Netherlands}}

@STRING{pub-ELSNH = {Elsevier/North-Hol{\-}land}}

@STRING{pub-Gruyter = {Walter de Gruyter}}

@STRING{pub-Gruyter:adr = {Berlin}}

@STRING{pub-Harvard = {Harvard University Press}}

@STRING{pub-Harvard:adr = {Cambridge, MA, USA}}

@STRING{pub-HMSO = {Her Majesty's Stationary Office}}

@STRING{pub-HMSO:adr = {London}}

@STRING{pub-HRW = {Holt, Rinehart and Winston}}

@STRING{pub-HRW:adr = {New York}}

@STRING{pub-JH = {Johns Hopkins University Press}}

@STRING{pub-JH:adr = {Baltimore, MD, USA}}

@STRING{pub-Kluwer = {Kluwer Academic Publishers}}

@STRING{pub-Kluwer:adr = {Dordrecht, The Netherlands}}

@STRING{pub-Longman-ST = {Longman Scientific and Technical}}

@STRING{pub-Longman-ST:adr = {Essex, UK}}

@STRING{pub-MAA = {Mathematical Association of America}}

@STRING{pub-MAA:adr = {Washington, D.C.}}

@STRING{pub-MH = {Mc{\-}Graw-Hill}}

@STRING{pub-MH:adr = {New York}}

@STRING{pub-MIT = {MIT Press}}

@STRING{pub-MIT:adr = {Cambridge, MA, USA}}

@STRING{pub-NH = {North-Hol{\-}land}}

@STRING{pub-NH:adr = {Amsterdam, The Netherlands}}

@STRING{pub-OUP = {Oxford University Press}}

@STRING{pub-Penguin = {Penguin}}

@STRING{pub-Penguin:adr-H = {Harmondsworth, UK}}

@STRING{pub-Penguin:adr-L = {London}}

@STRING{pub-Penguin:adr-NY = {New York}}

@STRING{pub-PH = {Pren{\-}tice-Hall}}

@STRING{pub-PH:adr = {Englewood Cliffs, NJ 07632, USA}}

@STRING{pub-PHI = {Pren{\-}tice-Hall International}}

@STRING{pub-PHI:adr = {Englewood Cliffs, NJ, USA}}

@STRING{pub-Plenum = {Plenum Press}}

@STRING{pub-Plenum:adr = {New York}}

@STRING{pub-PUP = {Princeton University Press}}

@STRING{pub-PUP:adr = {Princeton, NJ, USA}}

@STRING{pub-reidel = {D. Reidel}}

@STRING{pub-reidel:adr = {Dordrecht, Holland}}

@STRING{pub-SIAM = {Society for Industrial and Applied Mathematics}}

@STRING{pub-SIAM:adr = {Philadelphia, PA, USA}}

@STRING{pub-Springer = {Spring{\-}er-Ver{\-}lag}}

@STRING{pub-Springer:adr-B = {Berlin}}

@STRING{pub-Springer:adr-NY = {New York}}

@STRING{pub-Wellesley = {Wellesley-Cambridge Press}}

@STRING{pub-Wellesley:adr = {Wellesley, MA, USA}}

@STRING{pub-Wiley = {Wiley}}

@STRING{pub-Wiley:adr = {New York}}

@STRING{pub-Wiley:adr-C = {Chichester, UK}}

@STRING{pub-WS = {World Scientific}}

@STRING{pub-WS:adr = {Singapore}}

@ARTICLE{ALFA2003,
  author = {Attahiru Sule Alfa},
  title = {Combined Elapsed Time and Matrix-Analytic Method for the Discrete
	Time \mbox{$GI/G/1$ and $GI^X/G/1$} Systems},
  journal = {Queueing Syst.},
  year = {2003},
  volume = {45},
  pages = {5-25}
}

@ARTICLE{Babajee2006,
  author = {D. K. R. Babajee and M. Z. Dauhoo},
  title = {An anlaysis of the properties of the variants of {Newton's} method
	with third order convergence},
  journal = {Applied mathematics and computation},
  year = {2006},
  volume = {183},
  pages = {659-684},
  owner = {Administrator},
  timestamp = {2009.12.21}
}

@ARTICLE{Bai2007,
  author = {Zhong-Zhi Bai and Yong-Hua Gao},
  title = {Modified {Bernoulli} Iteration Methods for Quadratic Matrix Equation},
  journal = {Journal of computational mathematics},
  year = {2007},
  volume = {25},
  pages = {498-511}
}

@ARTICLE{Bean1997,
  author = {Nigel G. Bean and Leslie W. Bright and Guy Latouche and Charles E. M. Pearce and
	Philip K. Pollett and Peter G. Taylor},
  title = {The Quasi-Stationary Behavior of Quasi-Birth-and-Death Processes},
  journal = j-AAP,
  year = {1997},
  volume = {7},
  pages = {134-155},
  number = {1},
  month = {Feb},
  owner = {Administrator},
  timestamp = {2009.12.14}
}

@BOOK{mm05,
  title = {Matrix Mathematics},
  publisher = {Princeton University Press},
  year = {2005},
  author = {Dennis S. Bernsteim},
  note = {ISBN 0-691-11802-7}
}

@BOOK{iannazzo2012,
  title = {Numerical Solution of Algebraic Riccati Equations},
  publisher = {SIAM},
  year = {2012},
  author = {Dario A. Bini and Bruno Iannazzo and Beatrice Meini},
  owner = {Administrator},
  timestamp = {2013.11.08}
}

@BOOK{bini2005,
  title = {Numerical Methods for Structured Markov Chains},
  publisher = {Oxford University Press Oxford},
  year = {2005},
  author = {Dario A. Bini and Guy Latouche and Beatrice Meini}
}

@MASTERSTHESIS{broxson2006kronecker,
  author = {Broxson, B.J.},
  title = {The Kronecker Product},
  school = {University of North Florida},
  year = {2006},
  publisher = {University of North Florida}
}

@ARTICLE{Butler1985,
  author = {Geoffrey. J. Butler and Charles R. Johnson and Henry Wolkowicz},
  title = {Nonnegative solutions of a quadratic matrix equation arising from
	comparison theorems in ordinary differential equations},
  journal = {SIAM J. Algebraic Discrete Methods},
  year = {1985},
  volume = {6},
  pages = {47--53},
  number = {1},
  month = jan
}

@ARTICLE{Davis1983,
  author = {George J. Davis},
  title = {Algorithm 598: an algorithm to compute solvent of the matrix equation
	{$AX^2 + BX + C = 0$}},
  journal = j-TOMS,
  year = {1983},
  volume = {9},
  pages = {246-254},
  number = {2},
  month = {June},
  owner = {Administrator},
  timestamp = {2009.12.14}
}

@ARTICLE{Davis1981,
  author = {George J. Davis},
  title = {Numerical solution of a quadratic matrix equation},
  journal = {SIAM J. Sci. Comput.},
  year = {1981},
  volume = {2},
  pages = {164-175},
  owner = {Administrator},
  timestamp = {2009.12.14}
}

@ARTICLE{davis81,
  author = {George J. Davis},
  title = {Numerical solution of a quadratic matrix equation},
  journal = {SIAM J. Sci. Stat. Comput.},
  year = {1981},
  volume = {2},
  pages = {164--175}
}

@ARTICLE{JerryDwyer2009,
  author = {Jerry Dwyer and Roger Barnard and David Cook},
  title = {Iteration of complex functions and {Newton}'s method},
  journal = {Australian Senior Mathematics Journal},
  year = {2009},
  volume = {23},
  pages = {9-16},
  number = {1},
  owner = {Administrator},
  timestamp = {2009.12.15}
}

@ARTICLE{Epton1980,
  author = {M. A. Epton},
  title = {Methods for the Solution of {$AXD-BXC=E$} and its Application in
	the Numerical Solution of Implicit Ordinary Differential Equations},
  journal = {BIT},
  year = {1980},
  volume = {20},
  pages = {341-345},
  owner = {Administrator},
  timestamp = {2009.12.14}
}

@ARTICLE{Gao2006,
  author = {Yong-Hua Gao},
  title = {{Newton's} method for the quadratic matrix equation},
  journal = {Applied mathematics and computation},
  year = {2006},
  volume = {182},
  pages = {1772-1779},
  owner = {Administrator},
  timestamp = {2009.12.14}
}

@BOOK{Gloub1996,
  title = {Matrix Computations},
  publisher = {Johns Hopkins University Press},
  year = {1996},
  editor = {Baltimore},
  author = {G. H. Gloub and C. F. Van Loan},
  edition = {3},
  owner = {Administrator},
  timestamp = {2009.12.14}
}

@BOOK{Gohberg1982,
  title = {Matrix Polynomials},
  publisher = {Academic Press},
  year = {1982},
  author = {Israel Gohberg and Peter Lancaster and Leiba Rodman},
  owner = {Administrator},
  timestamp = {2009.12.14}
}

@BOOK{gova96,
  title = {Matrix Computations},
  publisher = {Johns Hopkins University Press},
  year = {1996},
  author = {Gene H. Golub and Charles F. Van Loan},
  address = {Baltimore, MD, USA},
  edition = {3rd}
}

@ARTICLE{Golub1979,
  author = {G. H. Golub and S. Nash and C. F. Van Loan},
  title = {A Hessenberg-Schur Method for the Problem {$AX+XB=C$}},
  journal = j-IEEE-AC,
  year = {1979},
  volume = {AC-24},
  pages = {909-913},
  owner = {Administrator},
  timestamp = {2009.12.14}
}

@BOOK{Greenbaum1997,
  title = {Iterative Methods for Solving Linear systems},
  publisher = {SIAM},
  year = {1997},
  author = {Anne Greenbaum},
  owner = {Administrator},
  timestamp = {2009.12.14}
}

@ARTICLE{Griewank1983,
  author = {A. Griewank and M. R. Osborne},
  title = {Analysis of {Newton's} Method at Irregular Singularities},
  journal = j-SINUM,
  year = {1983},
  volume = {9},
  pages = {75-86},
  number = {1},
  owner = {Administrator},
  timestamp = {2009.12.15}
}

@ARTICLE{L.Grippo1986,
  author = {L. Grippo and F. Lampariello and S. Lucidi},
  title = {A Nonmonotone Line Search Technique for {Newton}'s Method},
  journal = j-SINUM,
  year = {1986},
  volume = {23},
  pages = {707-716},
  number = {4},
  owner = {Administrator},
  timestamp = {2009.12.15}
}

@ARTICLE{Guo1998a,
  author = {Chun-Hua Guo},
  title = {{Newton's} METHOD FOR DISCRETE ALGEBRAIC {R}ICCATI EQUATIONS WHEN
	THE CLOSED-LOOP MATRIX HAS EIGENVALUES ON THE UNIT CIRCLE},
  journal = j-SIMAX,
  year = {1998},
  volume = {20},
  pages = {279-294},
  number = {2},
  owner = {Administrator},
  timestamp = {2009.12.15}
}

@ARTICLE{Guo2007,
  author = {Chun-Hua Guo and Nicholas J. Higham},
  title = {ITERATIVE SOLUTION OF A NONSYMMETRIC ALGEBRAIC {R}ICCATI EQUATION},
  journal = j-SIMAX,
  year = {2007},
  volume = {29},
  pages = {396-412},
  owner = {Administrator},
  timestamp = {2009.12.14}
}

@article{Guo2000,
  title={On the iterative solution of a class of nonsymmetric algebraic {Riccati} equations},
  author={Guo, Chun-Hua and Laub, Alan J},
  journal=j-SIMAX,
  volume={22},
  number={2},
  pages={376--391},
  year={2000},
  publisher={SIAM}
}

@ARTICLE{Guo1998,
  author = {Chun-Hua Guo and Alan J. Laub},
  title = {On the iterative solution of a class of nonsymmetric algebraic {Riccati}
	equations},
  journal = j-SIMAX,
  year = {1998},
  volume = {67},
  pages = {1089-1105},
  owner = {Administrator},
  timestamp = {2009.12.15}
}

@ARTICLE{SophieHautphenne2008,
  author = {Sophie Hautphenne and Guy Latouche and Marie-Ange Remiche},
  title = {{Newton's} iteration for the extinction probability of a {Markovian}
	binary tree},
  journal = j-LAA,
  year = {2008},
  volume = {428},
  pages = {2791-2804},
  owner = {Administrator},
  timestamp = {2009.12.15}
}

@ARTICLE{C.He2004,
  author = {C. He and B. Meini and N. H. Rhee and K. Sohraby},
  title = {A Quadratically Convergent {Bernoulli}-like Algorithm for Solving
	Matrix Polynomial Equations in Markov Chains},
  journal = {Electronic transactions on numerical analysis},
  year = {2004},
  volume = {17},
  pages = {151-167},
  owner = {Administrator},
  timestamp = {2009.12.14}
}

@ARTICLE{He2001,
  author = {Qi-Ming He and Marcel F. Neuts},
  title = {ON THE CONVERGENCE AND LIMITS OF CERTAIN MATRIX SEQUENCES ARISING
	IN QUASI-BIRTH-AND-DEATH {Markov} CHAINS},
  journal = {J. Appl. Probab.},
  year = {2001},
  volume = {38},
  pages = {519-541},
  number = {2},
  owner = {Administrator},
  timestamp = {2009.12.15}
}

@ARTICLE{dj95,
  author = {Desmond J. Higham},
  title = {Condition Numbers and Their Condition Numbers},
  journal = j-LAA,
  year = {1995},
  volume = {214},
  pages = {193--213}
}

@BOOK{Higham1996,
  title = {Accuracy and stablility of Numerical Algorithms},
  publisher = {SIAM},
  year = {1996},
  editor = {Philadelphia, PA, USA},
  author = {Nicholas J. Higham},
  owner = {Administrator},
  timestamp = {2009.12.14}
}

@BOOK{higham02,
  title = {Accuracy and Stability of Numerical Algorithms},
  publisher = {Society for Industrial and Applied Mathematics},
  year = {2002},
  author = {Nicholas J. Higham},
  edition = {2nd}
}

@ARTICLE{Higham1997,
  author = {Nicholas J. Higham},
  title = {Stable iterations for the matrix square root},
  journal = {Numerical algorithms},
  year = {1997},
  volume = {15},
  pages = {227-242}
}

@ARTICLE{Higham1993,
  author = {Nicholas J. Higham},
  title = {Perturbation Theory and Backward Error for {$AX-XB=C$}},
  journal = {BIT},
  year = {1993},
  volume = {33},
  pages = {123-136},
  owner = {Administrator},
  timestamp = {2009.12.14}
}

@ARTICLE{Higham1987,
  author = {Nicholas J. Higham},
  title = {Computing Real Square Roots of a Real Matrix},
  journal = j-LAA,
  year = {1987},
  volume = {88/89},
  pages = {405-430},
  owner = {Administrator},
  timestamp = {2009.12.14}
}

@ARTICLE{higham86,
  author = {Nicholas J. Higham},
  title = {Newton's method for the matrix square root},
  journal = {Math. Comp.},
  year = {1986},
  volume = {46},
  pages = {537--549}
}

@ARTICLE{Higham2001,
  author = {Nicholas J. Higham and Hyun-Min Kim},
  title = {Solving a quadratic matrix equation by {Newton's} method with exact
	line searches},
  journal = j-SIMAX,
  year = {2001},
  volume = {23},
  pages = {303-316},
  owner = {Administrator},
  timestamp = {2009.12.14}
}

@ARTICLE{hiki01,
  author = {Nicholas J. Higham and Hyum-Min Kim},
  title = {Solving a quadratic matrix equation by newton's method with line
	searches},
  journal = j-SIMAX,
  year = {2001},
  volume = {23},
  pages = {303--316}
}

@ARTICLE{Higham2000,
  author = {Nicholas J. Higham and Hyun-Min Kim},
  title = {Numerical Analysis of a Quadratic Matrix Equation},
  journal = j-IMAJNA,
  year = {2000},
  volume = {20},
  pages = {499-519},
  number = {4}
}

@BOOK{roger91,
  title = {Topics in Matrix Analysis},
  publisher = {Cambridge University Press},
  year = {1995},
  author = {Roger A. Horn and Charles R. Johnson},
  edition = {2nd}
}

@BOOK{Horn1994,
  title = {Topics in Matrix Analysis},
  publisher = {Cambridge University Press},
  year = {1994},
  author = {Roger A. Horn and Charles R. Johnson},
  owner = {Administrator},
  timestamp = {2009.12.14}
}

@BOOK{Horn1985,
  title = {Matrix Analysis},
  publisher = {Cambridge University Press},
  year = {1985},
  author = {Roger A. Horn and Charles R. Johnson},
  owner = {Administrator},
  timestamp = {2009.12.15}
}

@ARTICLE{Iannazzo2006,
  author = {Brouno Iannazzo},
  title = {On the {Newton} Method for the Matrix p-th root},
  journal = j-SIMAX,
  year = {2006},
  volume = {28},
  pages = {503-523},
  number = {2},
  owner = {Administrator},
  timestamp = {2009.12.15}
}

@ARTICLE{Ide2008,
  author = {Nasr-Al-Din Ide},
  title = {On modified {Newton} methos for solving a non linear algebraic equations},
  journal = {Applied mathematics and computation},
  year = {2008},
  volume = {198},
  pages = {138-142},
  owner = {Administrator},
  timestamp = {2009.12.21}
}

@BOOK{Dennis1983,
  title = {Numerical Methods for Unconstrained Optimization and Nonlinear Equations},
  publisher = {Prentice-Hall},
  year = {1983},
  editor = {Englewood Cliffs},
  author = {J. E. Dennis, Jr. and Robert B. Schnabel},
  owner = {Administrator},
  timestamp = {2009.12.15}
}

@ARTICLE{Dennis1976,
  author = {J. E. Dennis, Jr. and J. F. Traub and R. P. Weber},
  title = {The algebraic theory of matrix polynomials},
  journal = {Numerical algorithms},
  year = {1976},
  volume = {13},
  pages = {831-845},
  owner = {Administrator},
  timestamp = {2009.12.15}
}

@BOOK{Kelley2003,
  title = {Solving Nonlinear Equations with {Newton}'s Method},
  publisher = {SIAM},
  year = {2003},
  author = {C. T. Kelley},
  owner = {Administrator},
  timestamp = {2009.12.15}
}

@ARTICLE{Kelley1986,
  author = {C. T. Kelley},
  title = {A Shamanskii-Like Acceleration Scheme for Nonlinear Equations at
	Singular Roots},
  journal = {Math. Comp.},
  year = {1986},
  volume = {47},
  pages = {609-623},
  number = {176},
  owner = {Administrator},
  timestamp = {2011.03.22}
}

@ARTICLE{Kim2008,
  author = {Hyun-Min Kim},
  title = {Convergence of {Newton}'s Method for Solving a Class of quadratic
	Matrix Equations},
  journal = {Honam Math. J.},
  year = {2008},
  volume = {30},
  pages = {399-409},
  number = {2},
  owner = {Administrator},
  timestamp = {2009.12.15}
}

@PHDSTHESIS{kim00,
  author = {Hyun-Min Kim},
  title = {Numerical methods for solving a quadratic matrix equation},
  school = {Department of Mathematics, University of Manchester},
  year = {2000}
}

@BOOK{MihailKonstantinov2003,
  title = {Pertubation theory for matrix equations},
  publisher = {Elsevier},
  year = {2003},
  author = {Mihail Konstantinov and Da-Wei Gu and Volker Mehrmann and Petko Petkov},
  owner = {Administrator},
  timestamp = {2009.12.15}
}

@ARTICLE{Kratz1987,
  author = {W. Kratz and E. Stickel},
  title = {Numerical Solution of Matrix Polynomial Equations by {Newton's} Method},
  journal = j-IMAJNA,
  year = {1987},
  volume = {7},
  pages = {355-369},
  owner = {Administrator},
  timestamp = {2009.12.15}
}

@BOOK{Lancaster1966,
  title = {Lambda-matrices and Vibrating Systems},
  publisher = {Pergamon Press},
  year = {1966},
  author = {Peter Lancaster},
  owner = {Administrator},
  timestamp = {2009.12.15}
}

@BOOK{Lancaster1985,
  title = {The Theory of Matrices with Applications},
  publisher = {Academic Press},
  year = {1985},
  author = {Peter Lancaster and Miron Tismenetsky},
  edition = {2},
  owner = {Administrator},
  timestamp = {2009.12.15}
}

@ARTICLE{Latouche1994,
  author = {Guy Latouche},
  title = {{Newton's} Iteration for Nonlinear Equations in {Markov} Chains},
  journal = j-IMAJNA,
  year = {1994},
  volume = {14},
  pages = {583-598},
  owner = {Administrator},
  timestamp = {2009.12.15}
}

@BOOK{Latouche1999,
  title = {Introduction to Matrix Analytic Methods in Stochastic Modeling},
  publisher = {ASA-SIAM},
  year = {1999},
  author = {Guy Latouche and Vaidyanathan Ramaswami},
  owner = {Administrator},
  timestamp = {2009.12.15}
}

@ARTICLE{Latouche1993,
  author = {Guy Latouche and V. Ramsawami},
  title = {A LOGARITHMIC REDUCTION ALGORITHM FOR QUASI-BIRTH-DEATH PROCESSES},
  journal = {J. Appl. Probab.},
  year = {1993},
  volume = {30},
  pages = {650-674},
  number = {3},
  owner = {Administrator},
  timestamp = {2009.12.15}
}

@ARTICLE{Lin2008,
  author = {Yiqin Lin and Liang Bao},
  title = {Convergence Analysis of the {Newton-Shamanskii} Method for a nonsymmetric
	algebraic {Riccati} Equation},
  journal = {Numerical linear algebra with applications},
  year = {2008},
  volume = {15},
  pages = {535-546},
  owner = {Administrator},
  timestamp = {2009.12.15}
}

@BOOK{tft97,
  title = {Numerical Linear Algebra},
  publisher = {Society for Industrial and Applied Mathematics},
  year = {1997},
  author = {Lloyd N. Trefethen, David Bau III}
}

@ARTICLE{Long2008,
  author = {Jian-hui Long and Xi-yan Hu and Lei Zhang},
  title = {Improved {Newton}'s Method with Exact Line Searches to Solve Quadratic
	Matrix Equation},
  journal = {Journal of computational and applied mathematics},
  year = {2008},
  volume = {222},
  pages = {645-654},
  owner = {Administrator},
  timestamp = {2009.12.15}
}

@ARTICLE{Meijerink1977,
  author = {J. A. Meijerink and H. A. van der Vorst},
  title = {An Iterativie Solution Method for Linear Systems of Which the Coefficient
	Matrix is a Symmetric M-matrix},
  journal = {Math. Comp.},
  year = {1977},
  volume = {137},
  pages = {148-162},
  number = {137}
}

@BOOK{meyer00,
  title = {Matrix analysis and applied linear algebra},
  publisher = {Society for Industrial and Applied Mathematics, Philadelphia},
  year = {2000},
  author = {Carl Meyer}
}

@BOOK{maal00,
  title = {Matrix Analysis and Applied Linear Algebra},
  publisher = {Society for Industrial and Applied Mathematics},
  year = {2000},
  author = {Carl D. Meyer},
  note = {ISBN 0-89871-454-0}
}

@BOOK{munkres1991,
  title = {Analysis on manifolds},
  publisher = {Addison-Wesley Publishing Company, Advanced Book Program},
  year = {1991},
  author = {Munkres, James R}
}

@ARTICLE{Neuts1976,
  author = {Marcel F. Neuts},
  title = {Moment Formulas for the {Markov} Renewal Branching Process},
  journal = {Advances in applied probability},
  year = {1976},
  volume = {8},
  pages = {690-711},
  number = {4},
  owner = {Administrator},
  timestamp = {2009.12.15}
}

@BOOK{Nocedal1999,
  title = {Numerical Optimization},
  publisher = {Springer-Verlag},
  year = {1999},
  editor = {New York},
  author = {J. Nocedal and S. J. Wright},
  owner = {Administrator},
  timestamp = {2009.12.15}
}

@ARTICLE{Noor2007,
  author = {Muhammad Aslam Noor and Khalida Inayat Noor and Mahmood-ul-Hassan},
  title = {Third-order iterative methods free from second derivatives for nonlinear
	equation},
  journal = {Applied mathematics and computation},
  year = {2007},
  volume = {190},
  pages = {1551-1556},
  owner = {Administrator},
  timestamp = {2009.12.21}
}

@BOOK{Ortega2000,
  title = {Iterative Solution of Nonlinear Equations in Several Variables},
  publisher = {SIAM},
  year = {2000},
  author = {James M. Ortega and Werner C. Rheinboldt},
  owner = {Administrator},
  timestamp = {2009.12.15}
}

@BOOK{Robert1989,
  title = {Convex Functions, Monotone Operators and Differentiability},
  publisher = {Springer-Verlag},
  year = {1989},
  author = {Robert R. Phelps},
  owner = {Administrator},
  timestamp = {2013.11.06}
}

@ARTICLE{Poole1974,
  author = {George Poole and Thomas Boullion},
  title = {A Survey on {$M$}-Matrices},
  journal = j-SIREV,
  year = {1974},
  volume = {16},
  pages = {419-427},
  number = {4},
  owner = {Administrator},
  timestamp = {2009.12.15}
}

@ARTICLE{Psarrakos2002,
  author = {Danayiotis J. Psarrakos},
  title = {On the m-th Roots of a Complex Matrix},
  journal = {The electronic journal of linear algebra},
  year = {2002},
  volume = {9},
  pages = {32-41},
  owner = {Administrator},
  timestamp = {2009.12.15}
}

@ARTICLE{Purdue1973,
  author = {Peter Purdue},
  title = {Non-linear matrix Integral equations of {Voltera} type in queueing
	theory},
  journal = {J. Appl. Probab.},
  year = {1973},
  volume = {10},
  pages = {644-651},
  owner = {Administrator},
  timestamp = {2009.12.15}
}

@ARTICLE{Renegar1987,
  author = {J. Renegar},
  title = {On the Efficiency of {Newton}'s Method in Approximating All Zeros
	of a System of Complex Polynomials},
  journal = {Mathematics of operations research},
  year = {1987},
  volume = {12},
  pages = {121-148},
  number = {1},
  owner = {Administrator},
  timestamp = {2009.12.15}
}

@ARTICLE{Seo2008,
  author = {Jong Hyeon Seo and Hyun-Min Kim},
  title = {Solving Matrix Polynomials by {Newton's} Method with Exact Line Searches},
  journal = {J. Korean Soc. Ind. Appl. Math.},
  year = {2008},
  volume = {12},
  pages = {55-68},
  number = {2},
  owner = {Administrator},
  timestamp = {2009.12.15}
}

@BOOK{strang2006linear,
  title = {Linear Algebra and Its Applications},
  publisher = {Thomson, Brooks/Cole},
  year = {2006},
  author = {Strang, Gilbert},
  edition = {4th}
}

@BOOK{wade1995,
  title = {An introduction to analysis},
  publisher = {Prentice Hall},
  year = {1995},
  author = {Wade, William R.}
}

@ARTICLE{xhq10,
  author = {Xingdong Yang, Hua Dai and Qingquad He},
  title = {Condition numbers and backward perturbation bound for linear matrix
	equations},
  journal = {Numerical Linear Algebra with Applications},
  year = {2010},
  pages = {164--175}
}

@BOOK{Young1971,
  title = {Iterative Solution of Large Linear Systems},
  publisher = {Academic Press},
  year = {1971},
  author = {David M. Young},
  owner = {Administrator},
  timestamp = {2009.12.15}
}

@BOOK{ISNSE1982,
  title = {Iterative Solution of Nonlinear Systems of Equations},
  publisher = {Springer-Verlag},
  year = {1982},
  editor = {A. DolA. Dold. Eckmann},
  owner = {Administrator},
  timestamp = {2013.11.06}
}

@ARTICLE{Vandergraft1967,
  author = {James S. Vandergraft},
  title = {{N}ewton's Method for Convex Operators in Partially Ordered Spaces},
  journal = j-SINUM,
  year = {1967},
  volume = {4},
  pages = {406-432},
  number = {3},
  owner = {Administrator},
}

@ARTICLE{Vandergraft1967,
  author = {James S. Vandergraft},
  title = {{N}ewton's method for convex operators in partially ordered spaces},
  journal = j-SINUM,
  year = {1967},
  volume = {4},
  pages = {406-432},
  number = {3},
  owner = {Administrator},
}

@ARTICLE{Yu2011,
  author = {Bo Yu and Ning Dong and Qiong Tang and Feng-Hua Wen},
  title = {On iterative methods for the quadratic matrix equation with $M$-matrix},
  journal = {Applied Mathematics and Computation},
  year = {2011},
  volume = {218},
  pages = {3303-3310},
  owner = {Administrator},
}

@ARTICLE{SeoSeoKim2013,
  author = {Sang-Hyup Seo and Jong-Hyun Seo and Hyun-Min Kim},
  title = {{N}ewton's method for solving a quadratic matrix equation with special coefficient matrices},
  journal = {Honam Math. J.},
  year = {2013},
  volume = {35},
  number = {3},
  pages = {417-433},
  owner = {Administrator},
}

@ARTICLE{SeoKim2014,
  author = {Jong-Hyeon Seo and Hyun-Min Kim},
  title = {Convergence of pure and relaxed {N}ewton methods for solving a matrix polynomial equation arising in stochastic models},
  journal = j-LAA,
  year = {2014},
  volume = {440},
  pages = {34-49},
  owner = {Administrator},
}

@Article{Guo2001,
    Author = {Chun-Hua {Guo}},
    Title = {{Nonsymmetric algebraic Riccati equations and Wiener-Hopf factorization for M-matrices.}},
    FJournal = {{SIAM Journal on Matrix Analysis and Applications}},
    Journal = j-SIMAX,
    ISSN = {0895-4798; 1095-7162/e},
    Volume = {23},
    Number = {1},
    Pages = {225--242},
    Year = {2001},
    Publisher = {Society for Industrial and Applied Mathematics (SIAM), Philadelphia, PA},
    owner = {Administrator}
}

@article{Guo2013,
  title={Monotone convergence of {N}ewton-like methods for ${M}$-matrix algebraic {R}iccati equations},
  author={Guo, Chun-Hua},
  journal={Numerical Algorithms},
  volume={64},
  number={2},
  pages={295--309},
  year={2013},
  publisher={Springer US}
}

@article{Xue2012,
year={2012},
issn={0029-599X},
journal={Numer. Math.},
volume={120},
number={4},
doi={10.1007/s00211-011-0421-0},
title={Accurate solutions of ${M}$-matrix algebraic {R}iccati equations},
url={http://dx.doi.org/10.1007/s00211-011-0421-0},
publisher={Springer-Verlag},
keywords={15A24; 65F30; 65G99; 65H10},
author={Xue, Jungong and Xu, Shufang and Li, Ren-Cang},
pages={671-700},
language={English}
}

@book{Approx1972,
year={1972},
title={Approximate Solution of Operator Equations},
publisher={Springer Netherlands},
edition = {1},
author = {M. A. Krasnoselskii and G. M. Vainikko and P. P. Zabreiko and Ya. B. Rutitskii and V. Ya.Stetsenko}
}

@book{Higham2008FM,
  author =       {Nicholas J. Higham},
  title =        {Functions of Matrices: {Theory} and Computation},
  publisher =    {Society for Industrial and Applied Mathematics},
  address =      {Philadelphia, PA, USA},
  year =         {2008},
  pages =        {xx+425},
  isbn =         {978-0-898716-46-7}
}

@article{Rogers1994,
author = "Rogers, L. C. G.",
doi = "10.1214/aoap/1177005065",
fjournal = "The Annals of Applied Probability",
journal = "Ann. Appl. Probab.",
month = "05",
number = "2",
pages = "390--413",
publisher = "The Institute of Mathematical Statistics",
title = "Fluid Models in Queueing Theory and {W}iener-{H}opf Factorization of {M}arkov Chains",
url = "http://dx.doi.org/10.1214/aoap/1177005065",
volume = "4",
year = "1994"
}

@article{Juang1995,
author = {Jonq Juang},
title = {Existence of Algebraic Matrix {R}iccati Equations Arising In Transport Theory},
journal = j-LAA,
year = {1995},
pages = {89--100},
volume={230},
doi={10.1016/0024-3795(93)00366-8},
url={http://dx.doi.org/10.1016/0024-3795(93)00366-8}
}

@ARTICLE{Benner1998,
    author = {Peter Benner and Ralph Byers},
    title = {An Exact Line Search Method for Solving Generalized Continuous-Time Algebraic {R}iccati Equations},
    journal = j-IEEE-AC,
    number = {1},
    year = {1998},
    volume = {43},
    pages = {101--107}
}

@ARTICLE{XGuo2006,
    author = {Xiao-Xia Guo and Wen-Wei Lin and Shu-Fang Xu},
    title = {A structure-preserving doubling algorithm for nonsymmetric algebraic {R}iccati equation},
    journal = {Numer. Math.},
    year = {2006},
    volume = {103},
    pages = {393--412}
}

@INPROCEEDINGS{Yang2004,
author={Xiangying Yang and de Veciana, G.},
booktitle={INFOCOM 2004. Twenty-third AnnualJoint Conference of the IEEE Computer and Communications Societies},
title={Service capacity of peer to peer networks},
year={2004},
volume={4},
pages={2242-2252 vol.4},
keywords={peer-to-peer computing;telecommunication security;telecommunication traffic;BitTorrent;bursty traffic;peer to peer file sharing application;peer to peer network;service capacity;Application software;Computer networks;Context-aware services;Delay;Distributed computing;Grid computing;IP networks;Network servers;Peer to peer computing;Telecommunication traffic},
doi={10.1109/INFCOM.2004.1354647},
ISSN={0743-166X},
month={March}
}

@book{Haccou2005,
	author = {Patsy Haccou and Peter Jagers and Vladimir A. Vatutin},
	title =        {Branching Processes: Variation, Growth, and Extinction of Populations},
	publisher =    {Cambridge University Press},
	year =         {2005},
}

@ARTICLE{Hautphenne2006,
    author = {Sophie Hautphenne and Kenji Leibnitz and Marie-Ange Remiche},
    title = {Extinction probability in {P}eer-to-{P}eer file diffusion},
    journal = {ACM SIGMETRICS Perform Eval. Rev.},
    year = {2006},
    volume = {34},
    issue = {2},
    pages = {3--4}
}

@book{Kimmel2002,
	author = {Marek Kimmel and David E. Axelrod},
	title =        {Branching Processes in Biology},
	publisher =    {Springer-Verlag},
	address = {New York},
	year =         {2002},
}

@article{Hautphenne2011,
year={2011},
issn={1387-5841},
journal={Methodol. Comput. Appl. Probab.},
volume={13},
number={1},
doi={10.1007/s11009-009-9141-7},
title={Algorithmic Approach to the Extinction Probability of Branching Processes},
url={http://dx.doi.org/10.1007/s11009-009-9141-7},
publisher={Springer US},
keywords={Branching processes; Matrix analytic methods; Extinction probability; 60J80; 60J22; 92D25; 65H10},
author={Hautphenne, Sophie and Latouche, Guy and Remiche, Marie-Ange},
pages={171-192},
language={English}
}

@article{Guo1998M,
title={Analysis and Modification of {N}ewton's Method for Algebraic {R}iccati Equations},
author={Guo, Chun-hua and Lancaster, Peter},
journal=j-MATH-COMP,
year={1998},
volume={67},
number={223},
pages={1089--1105},
}

@article{SeoSeo2016,
title={Convergence of Relaxed Newton Method for Order-Convex Matrix Equations},
author={Seo, Jong-Hyeon and Seo, Sang-Hyup},
journal={Submitted for publication}
%year={2016},
%volume={xx},
%number={x},
%publisher={xxx},
%pages={xx--xx},
}

@article{Meng2017,
	title={Condition Numbers and Backward Error of a Matrix Polynomial Equation Arising in Stochastic Models},
	author={Meng, Jie and Seo, Sang-hyup and Kim, Hyun-min},
	journal={J. Sci. Comput.},
	year={2018},
	month={January},
	publisher={Springer US},
	note={First Online : \url{https://doi.org/10.1007/s10915-018-0641-x}}
	%volume={xx},
	%number={x},
	%pages={xx--xx},
}
